@article{Boydgraber:2012wl,
author = {Boyd-graber, Jordan L and Satinoff, Brianna and He, He and Daum{\'e} III, Hal},
title = {{Besting the Quiz Master: Crowdsourcing Incremental Classification Games.}},
journal = {EMNLP-CoNLL},
year = {2012},
pages = {1290--1301}
}

@article{Iyyer:2014vq,
author = {Iyyer, Mohit and Boyd-graber, Jordan L and Claudino, Leonardo Max Batista and Socher, Richard and Daum{\'e} III, Hal},
title = {{A Neural Network for Factoid Question Answering over Paragraphs.}},
journal = {EMNLP},
year = {2014},
pages = {633--644}
}

@misc{Qanta,
	author = {Rodriguez, Pedro and Boyd-graber, Jordan L, and Iyyer, Mohit},
	title = {QANTA: Quiz Bowl AI},
	year = {2016},
	publisher = {GitHub},
	journal = {GitHub repository},
	howpublished = {\url{https://github.com/Pinafore/qb}}
}

@inproceedings{RRDA11,
    author = {L. Ratinov and D. Roth and D. Downey and M. Anderson},
    title = {Local and Global Algorithms for Disambiguation to Wikipedia},
    booktitle = {ACL},
    year = {2011},
    url = "http://cogcomp.cs.illinois.edu/papers/RRDA11.pdf",
}

@inproceedings{ChengRo13,
    author = {X. Cheng and D. Roth},
    title = {Relational Inference for Wikification},
    booktitle = {EMNLP},
    year = {2013},
    url = "http://cogcomp.cs.illinois.edu/papers/ChengRo13.pdf",
    funding = {DEFT,ARL,MIAS},
}